% This file was created with JabRef 2.10.
% Encoding: Cp1252


@Book{bishop06,
  Title                    = {Pattern Recognition and Machine Learning},
  Author                   = {Bishop, Christopher M.},
  Publisher                = {Springer},
  Year                     = {2006},
  Series                   = {Information Science and Statistics},

  ISBN                     = {9780387310732},
  Lccn                     = {2006922522}
}

@InProceedings{lowe99,
  Title                    = {Object recognition from local scale-invariant features},
  Author                   = {Lowe, D.G.},
  Booktitle                = {Computer Vision, 1999. The Proceedings of the Seventh IEEE International Conference on},
  Year                     = {1999},
  Pages                    = {1150-1157 vol.2},
  Volume                   = {2},

  Keywords                 = {computational geometry;feature extraction;image matching;least squares approximations;object recognition;3D projection;blurred image gradients;candidate object matches;cluttered partially occluded images;computation time;inferior temporal cortex;local geometric deformations;local image features;local scale-invariant features;low residual least squares solution;multiple orientation planes;nearest neighbor indexing method;primate vision;robust object recognition;staged filtering approach;unknown model parameters;Computer science;Electrical capacitance tomography;Filters;Image recognition;Layout;Lighting;Neurons;Object recognition;Programmable logic arrays;Reactive power}
}

@Article{sanchez13,
  Title                    = {Image Classification with the Fisher Vector: Theory and Practice},
  Author                   = {S{\`a}nchez, Jorge and Perronnin, Florent and Mensink, Thomas and Verbeek, Jakob},
  Journal                  = {International Journal of Computer Vision},
  Year                     = {2013},
  Number                   = {3},
  Pages                    = {222-245},
  Volume                   = {105},

  ISSN                     = {0920-5691},
  Keywords                 = {Image classification; Large-scale classification; Bag-of-Visual words; Fisher vector; Fisher kernel; Product quantization},
  Language                 = {English},
  Publisher                = {Springer US}
}

